<collection xmlns="http://www.loc.gov/MARC21/slim">
<record>
  <leader>01200nam0a22002531i 450 </leader>
  <controlfield tag="001">IT\ICCU\CNCE\079827</controlfield>
  <controlfield tag="005">20180124000000.0</controlfield>
  <datafield tag="012" ind1=" " ind2=" ">
    <subfield code="a">roa- tito noo. VnAs (3) 1600 (R)</subfield>
    <subfield code="2">fei</subfield>
  </datafield>
  <datafield tag="100" ind1=" " ind2=" ">
    <subfield code="a">20180109d1600        0itac0103    ba</subfield>
  </datafield>
  <datafield tag="101" ind1=" " ind2=" ">
    <subfield code="a">ITA</subfield>
  </datafield>
  <datafield tag="102" ind1=" " ind2=" ">
    <subfield code="a">IT</subfield>
  </datafield>
  <datafield tag="200" ind1="1" ind2=" ">
    <subfield code="a">℗Il ℗Pastor fido, tragicomedia pastorale di Battista Guarini ...</subfield>
  </datafield>
  <datafield tag="205" ind1=" " ind2=" ">
    <subfield code="a">Hora in questa ^XIIII=14.^ impressione corretto &amp; di vaghe figure ornato</subfield>
  </datafield>
  <datafield tag="210" ind1=" " ind2=" ">
    <subfield code="a">Venetia</subfield>
    <subfield code="c">presso Gio. Bat. Ciotti</subfield>
    <subfield code="d">1600</subfield>
  </datafield>
  <datafield tag="215" ind1=" " ind2=" ">
    <subfield code="a">132 c.</subfield>
    <subfield code="c">ill.</subfield>
    <subfield code="d">12ʻ</subfield>
  </datafield>
  <datafield tag="620" ind1=" " ind2=" ">
    <subfield code="a">IT</subfield>
    <subfield code="d">Venezia</subfield>
  </datafield>
  <datafield tag="700" ind1=" " ind2="1">
    <subfield code="a">Guarini,</subfield>
    <subfield code="b">Battista</subfield>
    <subfield code="c"> &lt;ca. 1435-1503&gt;</subfield>
    <subfield code="3">IT\ICCU\CNCA\005732</subfield>
  </datafield>
  <datafield tag="712" ind1="0" ind2="0">
    <subfield code="a">Ciotti, Giovanni Battista</subfield>
    <subfield code="3">IT\ICCU\CNCT\000140</subfield>
    <subfield code="4">650</subfield>
  </datafield>
  <datafield tag="790" ind1=" " ind2="1">
    <subfield code="a">Guarini,</subfield>
    <subfield code="b">Giovanni Battista</subfield>
    <subfield code="c"> &lt;ca. 1435-1503&gt;</subfield>
    <subfield code="3">IT\ICCU\CNCA\019703</subfield>
    <subfield code="z">Guarini, Battista &lt;ca. 1435-1503&gt;</subfield>
  </datafield>
  <datafield tag="791" ind1="0" ind2="0">
    <subfield code="a">Ciottus, Ioannes Baptista</subfield>
    <subfield code="3">IT\ICCU\CNCT\004610</subfield>
    <subfield code="z">Ciotti, Giovanni Battista</subfield>
  </datafield>
  <datafield tag="801" ind1=" " ind2="3">
    <subfield code="a">IT</subfield>
    <subfield code="b">ICCU</subfield>
    <subfield code="c">20201115</subfield>
  </datafield>
  <datafield tag="899" ind1=" " ind2=" ">
    <subfield code="a">Biblioteca estera - sterreichische Nationalbibliothek. Wien</subfield>
    <subfield code="1">AA0010</subfield>
  </datafield>
  <datafield tag="911" ind1=" " ind2=" ">
    <subfield code="a">Sul front.</subfield>
    <subfield code="9">IT\ICCU\CNCM\002127</subfield>
  </datafield>
  <datafield tag="921" ind1=" " ind2=" ">
    <subfield code="a">IT\ICCU\CNCM\002127</subfield>
    <subfield code="b">Sole che sorge. In alto la scritta: Aurora. Nella cornice del frontespizio.</subfield>
    <subfield code="c">U670</subfield>
    <subfield code="d">Dimensioni: 1,3 x 2</subfield>
    <subfield code="f">SOLE</subfield>
    <subfield code="f">AURORA</subfield>
    <subfield code="g">1600</subfield>
  </datafield>
</record>
</collection>
